@misc{musdb18-hq,
  author       = {Rafii, Zafar and
                  Liutkus, Antoine and
                  Stöter, Fabian-Robert and
                  Mimilakis, Stylianos Ioannis and
                  Bittner, Rachel},
  title        = {MUSDB18-HQ - an uncompressed version of MUSDB18},
  month        = aug,
  year         = 2019,
  doi          = {10.5281/zenodo.3338373},
  url          = {https://doi.org/10.5281/zenodo.3338373}
}

@inproceedings{araki2011,
  author    = {Shoko Araki and Francesco Nesta and Emmanuel Vincent and Zbynek Koldovsky and Guido Nolte and Andreas Ziehe and Alexis Benichoux},
  title     = {The 2011 Signal Separation Evaluation Campaign (SiSEC2011): - Audio Source Separation -},
  booktitle = {Signal Separation Evaluation Campaign 2011 (SiSEC2011)},
  year      = {n.d.}
}

@inproceedings{cano2016,
  author    = {Estefania Cano and Derry FitzGerald and Karlheinz Brandenburg},
  title     = {Evaluation of Quality of Sound Source Separation Algorithms: Human Perception vs Quantitative Metrics},
  booktitle = {2016 24th European Signal Processing Conference (EUSIPCO)},
  pages     = {1758--1762},
  year      = {2016},
  address   = {Budapest, Hungary},
  publisher = {IEEE},
  doi       = {10.1109/EUSIPCO.2016.7760550}
}

@article{grais2018,
  author    = {Emad M. Grais and Hagen Wierstorf and Dominic Ward and Russell Mason and Mark D. Plumbley},
  title     = {Referenceless Performance Evaluation of Audio Source Separation Using Deep Neural Networks},
  journal   = {arXiv},
  year      = {2018},
  month     = {November},
  url       = {http://arxiv.org/abs/1811.00454}
}

@inproceedings{manilow2018,
  author    = {Ethan Manilow and Prem Seetharaman and Bryan Pardo},
  title     = {The Northwestern University Source Separation Library},
  booktitle = {Proceedings of the 2018 IEEE International Workshop on Machine Learning for Signal Processing (MLSP)},
  year      = {2018}
}

@inproceedings{roux2019,
  author    = {Jonathan Le Roux and Scott Wisdom and Hakan Erdogan and John R. Hershey},
  title     = {SDR -- Half-Baked or Well Done?},
  booktitle = {ICASSP 2019 - 2019 IEEE International Conference on Acoustics, Speech and Signal Processing (ICASSP)},
  pages     = {626--630},
  year      = {2019},
  address   = {Brighton, United Kingdom},
  publisher = {IEEE},
  doi       = {10.1109/ICASSP.2019.8683855}
}

@inproceedings{simpson2017,
  author    = {Andrew J. R. Simpson and Gerard Roma and Emad M. Grais and Russell D. Mason and Christopher Hummersone and Mark D. Plumbley},
  title     = {Psychophysical Evaluation of Audio Source Separation Methods},
  booktitle = {Latent Variable Analysis and Signal Separation},
  editor    = {Petr Tichavský and Massoud Babaie-Zadeh and Olivier J.J. Michel and Nadège Thirion-Moreau},
  series    = {Lecture Notes in Computer Science},
  volume    = {10169},
  pages     = {211--221},
  year      = {2017},
  publisher = {Springer International Publishing},
  address   = {Cham},
  doi       = {10.1007/978-3-319-53547-0_21}
}

@article{stoter2018,
  author    = {Fabian-Robert Stöter and Antoine Liutkus and Nobutaka Ito},
  title     = {The 2018 Signal Separation Evaluation Campaign},
  journal   = {arXiv},
  year      = {2018},
  month     = {July},
  url       = {http://arxiv.org/abs/1804.06267}
}

@inproceedings{uhlich2017,
  author    = {Stefan Uhlich and Marcello Porcu and Franck Giron and Michael Enenkl and Thomas Kemp and Naoya Takahashi and Yuki Mitsufuji},
  title     = {Improving Music Source Separation Based on Deep Neural Networks through Data Augmentation and Network Blending},
  booktitle = {2017 IEEE International Conference on Acoustics, Speech and Signal Processing (ICASSP)},
  pages     = {261--265},
  year      = {2017},
  address   = {New Orleans, LA},
  publisher = {IEEE},
  doi       = {10.1109/ICASSP.2017.7952158}
}

@article{vincent2006,
  author    = {E. Vincent and R. Gribonval and C. Fevotte},
  title     = {Performance Measurement in Blind Audio Source Separation},
  journal   = {IEEE Transactions on Audio, Speech and Language Processing},
  volume    = {14},
  number    = {4},
  pages     = {1462--1469},
  month     = {July},
  year      = {2006},
  doi       = {10.1109/TSA.2005.858005}
}
